@article{srivastava2014dropout,
  title={Dropout: a simple way to prevent neural networks from overfitting.},
  author={Srivastava, Nitish and Hinton, Geoffrey E and Krizhevsky, Alex and Sutskever, Ilya and Salakhutdinov, Ruslan},
  journal={Journal of Machine Learning Research},
  volume={15},
  number={1},
  pages={1929--1958},
  year={2014}

}
@article{vincent2010stacked,
  title={Stacked denoising autoencoders: Learning useful representations in a deep network with a local denoising criterion},
  author={Vincent, Pascal and Larochelle, Hugo and Lajoie, Isabelle and Bengio, Yoshua and Manzagol, Pierre-Antoine},
  journal={Journal of Machine Learning Research},
  volume={11},
  number={Dec},
  pages={3371--3408},
  year={2010}
}
