@article{srivastava2014dropout,
  title={Dropout: a simple way to prevent neural networks from overfitting.},
  author={Srivastava, Nitish and Hinton, Geoffrey E and Krizhevsky, Alex and Sutskever, Ilya and Salakhutdinov, Ruslan},
  journal={Journal of Machine Learning Research},
  volume={15},
  number={1},
  pages={1929--1958},
  year={2014}
}
@article{srivastava2014ropout,
  title={Dropout: a simple way to prevent neural networks from overfitting.},
  author={Srivastava, Nitish and Hinton, Geoffrey E and Krizhevsky, Alex and Sutskever, Ilya and Salakhutdinov, Ruslan},
  journal={Journal of Machine Learning Research},
  volume={15},
  number={1},
  pages={1929--1958},
  year={2014}
}
@article{srivastava214dropout,
  title={Dropout: a simple way to prevent neural networks from overfitting.},
  author={Srivastava, Nitish and Hinton, Geoffrey E and Krizhevsky, Alex and Sutskever, Ilya and Salakhutdinov, Ruslan},
  journal={Journal of Machine Learning Research},
  volume={15},
  number={1},
  pages={1929--1958},
  year={2014}
}
